<record><leader>00000cas a2200000 a 4500</leader><controlfield tag="001">23606133</controlfield><controlfield tag="008">910425d19321998nyudr ne      0   a0eng c</controlfield><datafield ind1=" " ind2=" " tag="010"><subfield code="a">sn 91066437 </subfield></datafield><datafield ind1=" " ind2=" " tag="040"><subfield code="a">NYS</subfield><subfield code="b">eng</subfield><subfield code="c">NYS</subfield><subfield code="d">NSD</subfield><subfield code="d">DLC</subfield><subfield code="d">NYS</subfield><subfield code="d">OCLCQ</subfield><subfield code="d">OCLCF</subfield><subfield code="d">OCLCO</subfield></datafield><datafield ind1=" " ind2=" " tag="012"><subfield code="m">1</subfield></datafield><datafield ind1="1" ind2=" " tag="022"><subfield code="a">1060-4588</subfield><subfield code="l">1060-4588</subfield><subfield code="2">1</subfield></datafield><datafield ind1="1" ind2=" " tag="029"><subfield code="a">AU@</subfield><subfield code="b">000008364324</subfield></datafield><datafield ind1=" " ind2=" " tag="032"><subfield code="a">114140</subfield><subfield code="b">USPS</subfield></datafield><datafield ind1=" " ind2=" " tag="042"><subfield code="a">pcc</subfield><subfield code="a">nsdp</subfield></datafield><datafield ind1=" " ind2=" " tag="043"><subfield code="a">n-us-ny</subfield></datafield><datafield ind1="0" ind2=" " tag="130"><subfield code="a">Citizen register (Ossining, N.Y.)</subfield></datafield><datafield ind1=" " ind2="4" tag="222"><subfield code="a">The Citizen register</subfield></datafield><datafield ind1="0" ind2="0" tag="245"><subfield code="a">Citizen register.</subfield></datafield><datafield ind1="1" ind2="3" tag="246"><subfield code="a">Citizen-register</subfield></datafield><datafield ind1="3" ind2="0" tag="246"><subfield code="a">Daily citizen register</subfield></datafield><datafield ind1="1" ind2="3" tag="246"><subfield code="a">Citizen daily register</subfield></datafield><datafield ind1="1" ind2=" " tag="246"><subfield code="i">Sometimes issued as:</subfield><subfield code="a">Gannett suburban newspapers</subfield><subfield code="f">&lt;1998&gt;</subfield></datafield><datafield ind1=" " ind2=" " tag="260"><subfield code="a">Ossining, N.Y. :</subfield><subfield code="b">Citizen-Sentinel Publishers,</subfield><subfield code="c">1932-1998.</subfield></datafield><datafield ind1=" " ind2=" " tag="300"><subfield code="a">v. :</subfield><subfield code="b">ill. ;</subfield><subfield code="c">55 cm.</subfield></datafield><datafield ind1=" " ind2=" " tag="310"><subfield code="a">Daily,</subfield><subfield code="b">&lt;Oct. 1, 1991&gt;-</subfield></datafield><datafield ind1=" " ind2=" " tag="321"><subfield code="a">Daily (except Sunday),</subfield><subfield code="b">1932-&lt;1951&gt;</subfield></datafield><datafield ind1="0" ind2=" " tag="362"><subfield code="a">31st year (May 9, 1932)-v. 119, no. 167 (Oct. 11, 1998).</subfield></datafield><datafield ind1=" " ind2=" " tag="500"><subfield code="a">Publisher: J. Noel Macy, 1932-1964.</subfield></datafield><datafield ind1=" " ind2=" " tag="500"><subfield code="a">Published: Westchester Pub. Co., &lt;1945&gt;; Westchester County Publishers, &lt;1951&gt;; at White Plains, NY by Gannett Suburban Newspapers, Oct. 1, 1991-</subfield></datafield><datafield ind1=" " ind2=" " tag="500"><subfield code="a">Golden Jubilee issue (1901-1951), Sept. 22, 1951.</subfield></datafield><datafield ind1=" " ind2=" " tag="500"><subfield code="a">" A vital part of Ossining since 1840."</subfield></datafield><datafield ind1=" " ind2=" " tag="500"><subfield code="a">"Citizen daily register" (May 9, 1932).</subfield></datafield><datafield ind1=" " ind2=" " tag="500"><subfield code="a">"Croton, Ossining, Briarcliff, Cortland."</subfield></datafield><datafield ind1=" " ind2=" " tag="515"><subfield code="a">"Extra" (July 22, 1934).</subfield></datafield><datafield ind1=" " ind2=" " tag="530"><subfield code="a">Also available on microfilm from Preservation Resources, Bethlehem, PA, (1925-1979), UMI (1980-1997) and the New York State Library.</subfield></datafield><datafield ind1=" " ind2=" " tag="580"><subfield code="a">Merged with: Herald statesman, and: Reporter dispatch, and: Standard-star, and: Tarrytown daily news (White Plains, N.Y.), and: Mount Vernon Argus (White Plains, N.Y.), and: Daily item (Port Chester, N.Y.), and: Daily times (Mamaroneck, N.Y.), and: Star (White Plains, N.Y.), and: Putnam reporter dispatch, and: Rockland journal-news, to form: Journal news (White Plains, N.Y.).</subfield></datafield><datafield ind1=" " ind2="0" tag="651"><subfield code="a">Cortlandt (N.Y. : Town)</subfield><subfield code="v">Newspapers.</subfield></datafield><datafield ind1=" " ind2="0" tag="651"><subfield code="a">Ossining (N.Y.)</subfield><subfield code="v">Newspapers.</subfield></datafield><datafield ind1=" " ind2="0" tag="651"><subfield code="a">White Plains (N.Y.)</subfield><subfield code="v">Newspapers.</subfield></datafield><datafield ind1=" " ind2="0" tag="651"><subfield code="a">Westchester County (N.Y.)</subfield><subfield code="v">Newspapers.</subfield></datafield><datafield ind1=" " ind2="7" tag="655"><subfield code="a">Newspapers.</subfield><subfield code="2">fast</subfield><subfield code="0">(OCoLC)fst01423814</subfield></datafield><datafield ind1=" " ind2="7" tag="651"><subfield code="a">New York (State)</subfield><subfield code="z">Cortlandt (Town)</subfield><subfield code="2">fast</subfield><subfield code="0">(OCoLC)fst01331603</subfield></datafield><datafield ind1=" " ind2="7" tag="651"><subfield code="a">New York (State)</subfield><subfield code="z">Ossining.</subfield><subfield code="2">fast</subfield><subfield code="0">(OCoLC)fst01221603</subfield></datafield><datafield ind1=" " ind2="7" tag="651"><subfield code="a">New York (State)</subfield><subfield code="z">Westchester County.</subfield><subfield code="2">fast</subfield><subfield code="0">(OCoLC)fst01202684</subfield></datafield><datafield ind1=" " ind2="7" tag="651"><subfield code="a">New York (State)</subfield><subfield code="z">White Plains.</subfield><subfield code="2">fast</subfield><subfield code="0">(OCoLC)fst01212009</subfield></datafield><datafield ind1=" " ind2=" " tag="752"><subfield code="a">United States</subfield><subfield code="b">New York</subfield><subfield code="c">Westchester</subfield><subfield code="d">White Plains.</subfield></datafield><datafield ind1=" " ind2=" " tag="752"><subfield code="a">United States</subfield><subfield code="b">New York</subfield><subfield code="c">Westchester</subfield><subfield code="d">Ossining.</subfield></datafield><datafield ind1="0" ind2="0" tag="780"><subfield code="t">Citizen sentinel Ossining evening register</subfield><subfield code="w">(DLC)sn 98067540</subfield><subfield code="w">(OCoLC)38907043</subfield></datafield><datafield ind1="1" ind2="7" tag="785"><subfield code="t">Herald statesman</subfield><subfield code="x">1060-460X</subfield><subfield code="w">(DLC)sn 83031716</subfield><subfield code="w">(OCoLC)10088884</subfield></datafield><datafield ind1="1" ind2="7" tag="785"><subfield code="t">Reporter dispatch</subfield><subfield code="w">(DLC)sn 91066514</subfield><subfield code="w">(OCoLC)9579610</subfield></datafield><datafield ind1="1" ind2="7" tag="785"><subfield code="t">Standard-star</subfield><subfield code="x">1060-4618</subfield><subfield code="w">(DLC)sn 83031338</subfield><subfield code="w">(OCoLC)9837814</subfield></datafield><datafield ind1="1" ind2="7" tag="785"><subfield code="t">Tarrytown daily news (White Plains, N.Y.)</subfield><subfield code="w">(OCoLC)35004954</subfield></datafield><datafield ind1="1" ind2="7" tag="785"><subfield code="t">Mount Vernon Argus (White Plains, N.Y.)</subfield><subfield code="w">(OCoLC)41557311</subfield></datafield><datafield ind1="1" ind2="7" tag="785"><subfield code="t">Daily item (Port Chester, N.Y.)</subfield><subfield code="x">1060-4553</subfield><subfield code="w">(DLC)sn 84031521</subfield><subfield code="w">(OCoLC)11071958</subfield></datafield><datafield ind1="1" ind2="7" tag="785"><subfield code="t">Daily times (Mamaroneck, N.Y.)</subfield><subfield code="x">1060-4561</subfield><subfield code="w">(DLC)sn 83031572</subfield><subfield code="w">(OCoLC)10002375</subfield></datafield><datafield ind1="1" ind2="7" tag="785"><subfield code="t">Star (White Plains, N.Y.)</subfield><subfield code="x">1040-0826</subfield><subfield code="w">(DLC)sn 8802037</subfield><subfield code="w">(OCoLC)18315664</subfield></datafield><datafield ind1="1" ind2="7" tag="785"><subfield code="t">Putnam reporter dispatch</subfield><subfield code="w">(DLC)sn 92061856</subfield><subfield code="w">(OCoLC)26267596</subfield></datafield><datafield ind1="1" ind2="7" tag="785"><subfield code="t">Rockland journal-news</subfield><subfield code="w">(DLC)sn 91066008</subfield><subfield code="w">(OCoLC)23137874</subfield></datafield><datafield ind1="1" ind2="7" tag="785"><subfield code="t">Journal news (White Plains, N.Y.)</subfield><subfield code="w">(DLC)sn 99067208</subfield><subfield code="w">(OCoLC)40979145</subfield></datafield></record>